<?xml version="1.0" encoding="UTF-8"?><collection xmlns="http://www.loc.gov/MARC21/slim"><record><leader>00595nam--2200205-i-4500</leader><controlfield tag="001">000036692</controlfield><controlfield tag="002">20161230</controlfield><controlfield tag="005">20161230201041</controlfield><controlfield tag="008">060222s1000------------r-----000-0-rus-d</controlfield><datafield ind1=" " ind2=" " tag="040"><subfield code="a">IFIN-HH</subfield></datafield><datafield ind1=" " ind2=" " tag="041"><subfield code="a">rus</subfield></datafield><datafield ind1=" " ind2=" " tag="080"><subfield code="a">533.951:539.31</subfield></datafield><datafield ind1="1" ind2=" " tag="100"><subfield code="a">Steele, Martin C</subfield></datafield><datafield ind1="1" ind2="0" tag="245"><subfield code="a">Vzaimadeistvievoln v plazme tverdogo tela</subfield><subfield code="c">Martin C. Steele, Bayram Vural</subfield></datafield><datafield ind1=" " ind2=" " tag="260"><subfield code="a">Moskva</subfield><subfield code="b">Atomizdat</subfield><subfield code="c">1973</subfield></datafield><datafield ind1=" " ind2=" " tag="300"><subfield code="a">247 p</subfield></datafield><datafield ind1=" " ind2=" " tag="500"><subfield code="a">Titlul original in lb. engleza: Wave Interactions in Solid State Plasmas</subfield></datafield><datafield ind1="1" ind2=" " tag="700"><subfield code="a">Vural, Bayram</subfield></datafield><datafield ind1=" " ind2=" " tag="852"><subfield code="a">40233</subfield><subfield code="c">533.9</subfield></datafield><datafield ind1=" " ind2=" " tag="CAT"><subfield code="a">Sys</subfield><subfield code="c">20100927</subfield><subfield code="h">100924</subfield></datafield></record></collection>